@article{hinz1992pascal,
  title={Pascal's Triangle and the Tower of Hanoi},
  author={Hinz, Andreas M},
  journal={The American mathematical monthly},
  volume={99},
  number={6},
  pages={538--544},
  year={1992},
  publisher={Taylor \& Francis}
}